<record><leader>00000cas a22000007a 4500</leader><controlfield tag="001">15738578</controlfield><controlfield tag="008">870527d19uu1980msuwr ne      0    0eng d</controlfield><datafield ind1=" " ind2=" " tag="010"><subfield code="a">sn 87065420 </subfield></datafield><datafield ind1=" " ind2=" " tag="040"><subfield code="a">MJA</subfield><subfield code="b">eng</subfield><subfield code="c">MJA</subfield><subfield code="d">MSJ</subfield><subfield code="d">OCLCQ</subfield></datafield><datafield ind1=" " ind2=" " tag="042"><subfield code="a">msc</subfield></datafield><datafield ind1="0" ind2="0" tag="245"><subfield code="a">Morton-Pelahatchie advertiser.</subfield></datafield><datafield ind1=" " ind2=" " tag="260"><subfield code="a">Morton, Miss. :</subfield><subfield code="b">J. Vernon Pace, Jr.,</subfield><subfield code="c">-1980.</subfield></datafield><datafield ind1=" " ind2=" " tag="310"><subfield code="a">Weekly</subfield></datafield><datafield ind1="0" ind2=" " tag="362"><subfield code="a">-v. 10, no. 2 (Jan. 9, 1980).</subfield></datafield><datafield ind1=" " ind2=" " tag="588"><subfield code="a">Description based on: Vol. 6, no. 12 (Mar. 23, 1976).</subfield></datafield><datafield ind1=" " ind2=" " tag="752"><subfield code="a">United States</subfield><subfield code="b">Mississippi</subfield><subfield code="c">Scott</subfield><subfield code="d">Morton.</subfield></datafield><datafield ind1="0" ind2="0" tag="785"><subfield code="t">Morton-Pelahatchie-Forest advertiser</subfield></datafield></record>